@article{bry2015ijrr,
author = {Adam Bry and Charles Richter and Abraham Bachrach and Nicholas Roy},
title ={Aggressive flight of fixed-wing and quadrotor aircraft in dense indoor
environments},
journal = {The International Journal of Robotics Research},
volume = {34},
number = {7},
pages = {969-1002},
year = {2015},
doi = {10.1177/0278364914558129},
URL = {https://doi.org/10.1177/0278364914558129}
}

@misc{pronto,
  title = {Pronto},
  howpublished =
{\url{
https://github.com/ori-drs/pronto/blob/master/pronto_core/src/rbis.cpp#L253}}
}
